<?xml version="1.0" encoding="UTF-8"?><collection xmlns="http://www.loc.gov/MARC21/slim"><record><leader>00364nam--2200121-i-4500</leader><controlfield tag="001">000018919</controlfield><controlfield tag="002">20161230</controlfield><controlfield tag="005">20161230201032</controlfield><controlfield tag="008">060222s1000------------r-----000-0-eng-d</controlfield><datafield ind1=" " ind2=" " tag="100"><subfield code="a">Drimer, Dolphi,. Gadea Suzana,.Protopopescu M</subfield></datafield><datafield ind1=" " ind2=" " tag="245"><subfield code="a">Metalurgia fizica a materialelor semiconductoare</subfield></datafield><datafield ind1=" " ind2=" " tag="260"><subfield code="a">Bucuresti, Editura Academiei R.S.R.., 1966. 321 P</subfield></datafield><datafield ind1=" " ind2=" " tag="852"><subfield code="a">25247</subfield></datafield></record></collection>